@book{fowler2012patterns,
  title={Patterns of Enterprise Application Architecture: Pattern Enterpr Applica Arch},
  author={Fowler, Martin},
  year={2012},
  publisher={Addison-Wesley}
}

@book{arnowitz2010effective,
  title={Effective prototyping for software makers},
  author={Arnowitz, Jonathan and Arent, Michael and Berger, Nevin},
  year={2010},
  publisher={Elsevier}
}

@article{hilal2013using,
  title={Using NVivo for data analysis in qualitative research},
  author={Hilal, AlYahmady Hamed and Alabri, Saleh Said},
  journal={International interdisciplinary journal of education},
  volume={2},
  number={2},
  pages={181--186},
  year={2013}
}

@article{chandra2019computer,
  title={Computer-assisted qualitative research: An overview},
  author={Chandra, Yanto and Shang, Liang and Chandra, Yanto and Shang, Liang},
  journal={Qualitative Research Using R: A Systematic Approach},
  pages={21--31},
  year={2019},
  publisher={Springer}
}

@article{soratto2020thematic,
  title={Thematic content analysis using ATLAS. ti software: Potentialities for researchs in health},
  author={Soratto, Jacks and Pires, Denise Elvira Pires de and Friese, Susanne},
  journal={Revista brasileira de enfermagem},
  volume={73},
  year={2020},
  publisher={SciELO Brasil}
}

@article{brooke1996sus,
  title={SUS-A quick and dirty usability scale},
  author={Brooke, John and others},
  journal={Usability evaluation in industry},
  volume={189},
  number={194},
  pages={4--7},
  year={1996},
  publisher={London, England}
}

@article{janasik2009text,
  title={Text mining in qualitative research: Application of an unsupervised learning method},
  author={Janasik, Nina and Honkela, Timo and Bruun, Henrik},
  journal={Organizational Research Methods},
  volume={12},
  number={3},
  pages={436--460},
  year={2009},
  publisher={SAGE Publications Sage CA: Los Angeles, CA}
}

@article{leopold2020opposites,
  title={Opposites attract at CORR{\textregistered}—Machine learning and qualitative research},
  author={Leopold, Seth S and Porcher, Rapha{\"e}l and Gebhardt, Mark C and Gioe, Terence J and Manner, Paul A and Rimnac, Clare M and Wongworawat, Montri D},
  journal={Clinical Orthopaedics and Related Research},
  volume={478},
  number={10},
  year={2020},
  publisher={Association of Bone and Joint Surgeons}
}

@article{parks2022natural,
  title={Natural Language Processing in Mixed-methods Text Analysis: A Workflow Approach},
  author={Parks, Louisa and Peters, Wim},
  journal={International Journal of Social Research Methodology},
  pages={1--13},
  year={2022},
  publisher={Taylor \& Francis}
}

@article{crowston2012using,
  title={Using natural language processing technology for qualitative data analysis},
  author={Crowston, Kevin and Allen, Eileen E and Heckman, Robert},
  journal={International Journal of Social Research Methodology},
  volume={15},
  number={6},
  pages={523--543},
  year={2012},
  publisher={Taylor \& Francis}
}

@article{chen2018using,
  title={Using machine learning to support qualitative coding in social science: Shifting the focus to ambiguity},
  author={Chen, Nan-Chen and Drouhard, Margaret and Kocielnik, Rafal and Suh, Jina and Aragon, Cecilia R},
  journal={ACM Transactions on Interactive Intelligent Systems (TiiS)},
  volume={8},
  number={2},
  pages={1--20},
  year={2018},
  publisher={ACM New York, NY, USA}
}

@inproceedings{gauthier2022will,
  title={“I Will Not Drink With You Today”: A Topic-Guided Thematic Analysis of Addiction Recovery on Reddit},
  author={Gauthier, Robert P and Costello, Mary Jean and Wallace, James R},
  booktitle={Proceedings of the 2022 CHI Conference on Human Factors in Computing Systems},
  pages={1--17},
  year={2022}
}

@book{willig2017sage,
  title={The SAGE handbook of qualitative research in psychology},
  author={Willig, Carla and Rogers, Wendy Stainton},
  year={2017},
  publisher={Sage}
}

@article{hindman2015building,
  title={Building better models: Prediction, replication, and machine learning in the social sciences},
  author={Hindman, Matthew},
  journal={The ANNALS of the American Academy of Political and Social Science},
  volume={659},
  number={1},
  pages={48--62},
  year={2015},
  publisher={SAGE Publications Sage CA: Los Angeles, CA}
}

@article{grimmer2021machine,
  title={Machine learning for social science: An agnostic approach},
  author={Grimmer, Justin and Roberts, Margaret E and Stewart, Brandon M},
  journal={Annual Review of Political Science},
  volume={24},
  pages={395--419},
  year={2021},
  publisher={Annual Reviews}
}

@inproceedings{muller2016machine,
  title={Machine learning and grounded theory method: convergence, divergence, and combination},
  author={Muller, Michael and Guha, Shion and Baumer, Eric PS and Mimno, David and Shami, N Sadat},
  booktitle={Proceedings of the 19th international conference on supporting group work},
  pages={3--8},
  year={2016}
}

@article{delgosha2022discovering,
  title={Discovering IoT implications in business and management: a computational thematic analysis},
  author={Delgosha, Mohammad Soltani and Hajiheydari, Nastaran and Talafidaryani, Mojtaba},
  journal={Technovation},
  volume={118},
  pages={102236},
  year={2022},
  publisher={Elsevier}
}

@article{gonzalez2022using,
  title={Using large-scale social media analytics to understand patient perspectives about urinary tract infections: thematic analysis},
  author={Gonzalez, Gabriela and Vaculik, Kristina and Khalil, Carine and Zektser, Yuliya and Arnold, Corey and Almario, Christopher V and Spiegel, Brennan and Anger, Jennifer},
  journal={Journal of Medical Internet Research},
  volume={24},
  number={1},
  pages={e26781},
  year={2022},
  publisher={JMIR Publications Toronto, Canada}
}

@article{gauthier2022computational,
  title={The Computational Thematic Analysis Toolkit},
  author={Gauthier, Robert P and Wallace, James R},
  journal={Proceedings of the ACM on Human-Computer Interaction},
  volume={6},
  number={GROUP},
  pages={1--15},
  year={2022},
  publisher={ACM New York, NY, USA}
}

@article{lewis2013content,
  title={Content analysis in an era of big data: A hybrid approach to computational and manual methods},
  author={Lewis, Seth C and Zamith, Rodrigo and Hermida, Alfred},
  journal={Journal of broadcasting \& electronic media},
  volume={57},
  number={1},
  pages={34--52},
  year={2013},
  publisher={Taylor \& Francis}
}

@article{braun2019reflecting,
  title={Reflecting on reflexive thematic analysis},
  author={Braun, Virginia and Clarke, Victoria},
  journal={Qualitative research in sport, exercise and health},
  volume={11},
  number={4},
  pages={589--597},
  year={2019},
  publisher={Taylor \& Francis}
}

@article{braun2006using,
  title={Using thematic analysis in psychology},
  author={Braun, Virginia and Clarke, Victoria},
  journal={Qualitative research in psychology},
  volume={3},
  number={2},
  pages={77--101},
  year={2006},
  publisher={Taylor \& Francis}
}

@article{blei2003latent,
  title={Latent dirichlet allocation},
  author={Blei, David M and Ng, Andrew Y and Jordan, Michael I},
  journal={Journal of machine Learning research},
  volume={3},
  number={Jan},
  pages={993--1022},
  year={2003}
}

@article{asmussen2019smart,
  title={Smart literature review: a practical topic modelling approach to exploratory literature review},
  author={Asmussen, Claus Boye and M{\o}ller, Charles},
  journal={Journal of Big Data},
  volume={6},
  number={1},
  pages={1--18},
  year={2019},
  publisher={Springer}
}

@article{vayansky2020review,
  title={A review of topic modeling methods},
  author={Vayansky, Ike and Kumar, Sathish AP},
  journal={Information Systems},
  volume={94},
  pages={101582},
  year={2020},
  publisher={Elsevier}
}

@article{medhat2014sentiment,
  title={Sentiment analysis algorithms and applications: A survey},
  author={Medhat, Walaa and Hassan, Ahmed and Korashy, Hoda},
  journal={Ain Shams engineering journal},
  volume={5},
  number={4},
  pages={1093--1113},
  year={2014},
  publisher={Elsevier}
}

@article{bangor2008empirical,
  title={An empirical evaluation of the system usability scale},
  author={Bangor, Aaron and Kortum, Philip T and Miller, James T},
  journal={Intl. Journal of Human--Computer Interaction},
  volume={24},
  number={6},
  pages={574--594},
  year={2008},
  publisher={Taylor \& Francis}
}

@article{lewis2018system,
  title={The system usability scale: past, present, and future},
  author={Lewis, James R},
  journal={International Journal of Human--Computer Interaction},
  volume={34},
  number={7},
  pages={577--590},
  year={2018},
  publisher={Taylor \& Francis}
}

@misc{liwc_site,
        author = {LIWC},
        year = {2023},
	title = {Welcome to {LIWC}-22},
	url = {https://www.liwc.app/},
	note = {Accessed: 2023-03-19},
}

@misc{nvivo_site,
        author = {Lumivero},
        year = {2023},
	title = {NVivo - {Lumivero}},
	url = {https://lumivero.com/products/nvivo/},
	note = {Accessed: 2023-03-19},
}

@misc{atlasti_site,
        author = {Atlas.ti},
        year = {2023},
	title = {The #1 Software for Qualitative Data Analysis},
	url = {https://atlasti.com/},
	note = {Accessed: 2023-03-19},
}